@Article{harish,
author = {Harish Gadade},
title = {Distributed System},
journal = {Science},
year = {2011},
}
